@article{ChristenFox2005,
author = {Christen, J. A. and Fox, C.},
title = {Markov chain Monte Carlo Using an Approximation},
journal = {Journal of Computational and Graphical Statistics},
volume = {14},
number = {4},
pages = {795--810},
year = {2005},
publisher = {ASA Website},
doi = {10.1198/106186005X76983},
}

@book{RasmussenWilliams2006,
title={Gaussian Processes for Machine Learning},
author={Rasmussen, C. and Williams, C.K.I.},
isbn={0-262-18253-X},
year={2006},
publisher={MIT Press}
}